<record><leader>00000cas a2200000 a 4500</leader><controlfield tag="001">26846738</controlfield><controlfield tag="008">921023d18931920iludn ne      0   a0eng c</controlfield><datafield ind1=" " ind2=" " tag="010"><subfield code="a">sn 92053934 </subfield></datafield><datafield ind1=" " ind2=" " tag="040"><subfield code="a">NVF</subfield><subfield code="b">eng</subfield><subfield code="c">NVF</subfield><subfield code="d">OCLCQ</subfield><subfield code="d">NVF</subfield><subfield code="d">OCLCQ</subfield><subfield code="d">NVF</subfield><subfield code="d">DLC</subfield><subfield code="d">OCLCF</subfield><subfield code="d">NVF</subfield><subfield code="d">OCLCO</subfield><subfield code="d">NVF</subfield><subfield code="d">OCLCO</subfield><subfield code="d">NVF</subfield><subfield code="d">OCLCO</subfield><subfield code="d">DLC</subfield><subfield code="d">OCL</subfield><subfield code="d">DLC</subfield><subfield code="d">NVF</subfield><subfield code="d">DLC</subfield></datafield><datafield ind1="0" ind2=" " tag="022"><subfield code="a">2332-0680</subfield><subfield code="2">1</subfield></datafield><datafield ind1=" " ind2=" " tag="042"><subfield code="a">pcc</subfield><subfield code="a">nsdp</subfield></datafield><datafield ind1=" " ind2=" " tag="043"><subfield code="a">n-us-il</subfield></datafield><datafield ind1="0" ind2="0" tag="050"><subfield code="a">Newspaper</subfield></datafield><datafield ind1="0" ind2="0" tag="082"><subfield code="a">071</subfield><subfield code="2">23</subfield></datafield><datafield ind1="0" ind2=" " tag="130"><subfield code="a">Rock Island Argus (Rock Island, Ill. : 1893)</subfield></datafield><datafield ind1=" " ind2="0" tag="222"><subfield code="a">Rock Island Argus</subfield><subfield code="b">(Rock Island, Ill. 1893. Print)</subfield></datafield><datafield ind1="1" ind2="0" tag="245"><subfield code="a">Rock Island Argus.</subfield></datafield><datafield ind1="1" ind2="7" tag="246"><subfield code="a">Argus</subfield><subfield code="f">Dec. 2, 1893-Nov. 5, 1909</subfield></datafield><datafield ind1=" " ind2=" " tag="260"><subfield code="a">Rock Island, Ill. :</subfield><subfield code="b">J.W. Potter,</subfield><subfield code="c">1893-1920.</subfield></datafield><datafield ind1=" " ind2=" " tag="260"><subfield code="3">Oct. 29, 1901-Mar. 24, 1920</subfield><subfield code="a">Rock Island, Ill. :</subfield><subfield code="b">J.W. Potter Co.</subfield></datafield><datafield ind1=" " ind2=" " tag="300"><subfield code="a">volumes :</subfield><subfield code="b">illustrations, portraits, maps</subfield></datafield><datafield ind1=" " ind2=" " tag="310"><subfield code="a">Daily (except Sunday and various holidays),</subfield><subfield code="b">Jan. 1, 1919-Mar. 24, 1920</subfield></datafield><datafield ind1=" " ind2=" " tag="321"><subfield code="a">Daily (except Sunday and various holidays),</subfield><subfield code="b">Dec. 2, 1893-Dec. 31, 1904</subfield></datafield><datafield ind1=" " ind2=" " tag="321"><subfield code="a">Daily (except Sunday),</subfield><subfield code="b">Jan. 2, 1905-Dec. 31, 1906</subfield></datafield><datafield ind1=" " ind2=" " tag="321"><subfield code="a">Daily (except Sunday and Christmas),</subfield><subfield code="b">Jan. 1, 1907-Dec. 31, 1908</subfield></datafield><datafield ind1=" " ind2=" " tag="321"><subfield code="a">Daily (except Sunday),</subfield><subfield code="b">Jan. 1, 1909-Dec. 31, 1910</subfield></datafield><datafield ind1=" " ind2=" " tag="321"><subfield code="a">Daily (except Sunday and various holidays),</subfield><subfield code="b">Jan. 1, 1911-Dec. 31, 1914</subfield></datafield><datafield ind1=" " ind2=" " tag="321"><subfield code="a">Daily (except Sunday),</subfield><subfield code="b">Jan. 1, 1915-Dec. 31, 1918</subfield></datafield><datafield ind1="0" ind2=" " tag="362"><subfield code="a">Vol. 42, no. 40 (Dec. 2, 1893)-v. 55, no. 301 (Oct. 3, 1906) ; 55th year, [no. 302] (Oct. 4, 1906)-69th year, no. 133 (Mar. 24, 1920).</subfield></datafield><datafield ind1=" " ind2=" " tag="500"><subfield code="a">"Official paper City of Rock Island," Mar. 3, 1917-Mar. 24, 1920.</subfield></datafield><datafield ind1=" " ind2=" " tag="500"><subfield code="a">"A Western Illinois paper for Western Illinois," June 19, 1919-Mar. 24, 1920.</subfield></datafield><datafield ind1=" " ind2=" " tag="500"><subfield code="a">Holiday publication is very irregular.</subfield></datafield><datafield ind1=" " ind2=" " tag="500"><subfield code="a">Nov. 26, 1895 issue called also "Thanksgiving Number"; "Issued by the Ladies Auxiliary of the Young Men's Christian Association."</subfield></datafield><datafield ind1=" " ind2=" " tag="500"><subfield code="a">Issue for Oct. 25, 1896 is an "Extra" published on Sunday.</subfield></datafield><datafield ind1=" " ind2=" " tag="500"><subfield code="a">Issue for Feb. 21, 1896 includes "Extra Evening ed."</subfield></datafield><datafield ind1=" " ind2=" " tag="500"><subfield code="a">Issue for July 2, 1898 includes an "Extra Noon" edition.</subfield></datafield><datafield ind1=" " ind2=" " tag="500"><subfield code="a">Issue for July 4, 1898 includes an "Extra War" edition.</subfield></datafield><datafield ind1=" " ind2=" " tag="500"><subfield code="a">Issue for Sept. 4, 1899 called also "Labor Day Edition."</subfield></datafield><datafield ind1=" " ind2=" " tag="500"><subfield code="a">Issue for Dec. 17, 1899 called also "Special ed."</subfield></datafield><datafield ind1=" " ind2=" " tag="500"><subfield code="a">Issues for Mar. 14, 1903-Oct. 25, 1904 called also "Last Edition / 4:30 O'Clock."</subfield></datafield><datafield ind1=" " ind2=" " tag="500"><subfield code="a">Issues for Apr. 3, 1907 and Apr. 8, 1908 include "Extra Election" edition.</subfield></datafield><datafield ind1=" " ind2=" " tag="500"><subfield code="a">Issue for Dec. 14, 1907 called also "Merchants' Annual. Shoppers' Edition."</subfield></datafield><datafield ind1=" " ind2=" " tag="500"><subfield code="a">Issue for Oct. 16, 1908 includes a "Midnight / Fire extra" edition.</subfield></datafield><datafield ind1=" " ind2=" " tag="500"><subfield code="a">Issue for Nov. 2, 1908 includes "First Edition Political Situation" edition.</subfield></datafield><datafield ind1=" " ind2=" " tag="500"><subfield code="a">Issue for Nov. 4, 1908 includes "Extra Election, Morning Edition."</subfield></datafield><datafield ind1=" " ind2=" " tag="500"><subfield code="a">Issue for Nov. 27, 1912 called also "Sixtieth Anniversary Achievement Edition."</subfield></datafield><datafield ind1=" " ind2=" " tag="500"><subfield code="a">Issue for Oct. 22, 1914 "prepared by students of the high school"; issues for Oct. 28, 1915 and Oct. 26, 1916 "edited by Rock Island high school students."</subfield></datafield><datafield ind1=" " ind2=" " tag="500"><subfield code="a">Issues for Oct. 8-13, 1915 called also "Extra."</subfield></datafield><datafield ind1=" " ind2=" " tag="500"><subfield code="a">Issue for Dec. 31, 1915 called also "Annual Year-End Number."</subfield></datafield><datafield ind1=" " ind2=" " tag="500"><subfield code="a">Issues for July 5, Sept. 6, Nov. 25, and Dec. 25, 1915; Jan. 1, and May 30, 1916; Jan. 1, 1917; May 30, July 4, and Dec. 25, 1918; Jan. 1, 1919 called also "Noon Edition."</subfield></datafield><datafield ind1=" " ind2=" " tag="500"><subfield code="a">Issues for Dec. 25, 1916; May 30, Sept. 3, Nov. 29, and Dec. 25, 1917 called also "1 o'clock edition."</subfield></datafield><datafield ind1=" " ind2=" " tag="500"><subfield code="a">Issues for June 22, July 4, and Sept. 4, 1916; Jan. 21 and 28, 1918 called also "2 o'clock edition."</subfield></datafield><datafield ind1=" " ind2=" " tag="500"><subfield code="a">Issue for Dec. 30, 1916 called also "Sixty-Fifth Annual Review Number."</subfield></datafield><datafield ind1=" " ind2=" " tag="500"><subfield code="a">Issues for Dec. 31, 1917 and Dec. 31, 1919 called also "Year-End Review."</subfield></datafield><datafield ind1=" " ind2=" " tag="500"><subfield code="a">Issue for Sept. 19, 1919 includes "Mercer County Fair Edition."</subfield></datafield><datafield ind1=" " ind2=" " tag="515"><subfield code="a">Irregular number of pages published per issue.</subfield></datafield><datafield ind1=" " ind2=" " tag="515"><subfield code="a">Various incorrect chronological, volume, issue numbering, and page designation.</subfield></datafield><datafield ind1=" " ind2=" " tag="515"><subfield code="a">Issue for Fifty-seventh year, no. 264 (Aug. 21, 1908) erroneously designated as "Weekly Edition."</subfield></datafield><datafield ind1=" " ind2=" " tag="515"><subfield code="a">Issue for Sixtieth year, no. 22 (Nov. 11, 1910) erroneously designated as "Weekly Edition."</subfield></datafield><datafield ind1=" " ind2=" " tag="515"><subfield code="a">Issue for Sixtieth year, no. 220 (June 30, 1911) erroneously designated as "Weekly Edition."</subfield></datafield><datafield ind1=" " ind2=" " tag="515"><subfield code="a">Issue for Oct. 4, 1906 lacks numbering.</subfield></datafield><datafield ind1=" " ind2=" " tag="525"><subfield code="a">Some issues include supplements.</subfield></datafield><datafield ind1=" " ind2=" " tag="530"><subfield code="a">Archived issues are available in digital format as part of the Library of Congress Chronicling America online collection.</subfield></datafield><datafield ind1=" " ind2=" " tag="580"><subfield code="a">Weekly ed.: Rock Island Argus (Rock Island, Ill. : Weekly), &lt;1899-1908&gt;</subfield></datafield><datafield ind1=" " ind2=" " tag="580"><subfield code="a">Merged with: Rock Island daily union (Rock Island, Ill. : 1908), to form: Rock Island Argus and daily union.</subfield></datafield><datafield ind1=" " ind2="0" tag="651"><subfield code="a">Rock Island (Ill.)</subfield><subfield code="v">Newspapers.</subfield></datafield><datafield ind1=" " ind2="0" tag="651"><subfield code="a">Moline (Ill.)</subfield><subfield code="v">Newspapers.</subfield></datafield><datafield ind1=" " ind2="0" tag="651"><subfield code="a">East Moline (Ill.)</subfield><subfield code="v">Newspapers.</subfield></datafield><datafield ind1=" " ind2="0" tag="651"><subfield code="a">Aledo (Ill.)</subfield><subfield code="v">Newspapers.</subfield></datafield><datafield ind1=" " ind2="0" tag="651"><subfield code="a">Mercer County (Ill.)</subfield><subfield code="v">Newspapers.</subfield></datafield><datafield ind1=" " ind2="7" tag="651"><subfield code="a">Illinois</subfield><subfield code="z">Aledo.</subfield><subfield code="2">fast</subfield><subfield code="0">(OCoLC)fst01883802</subfield></datafield><datafield ind1=" " ind2="7" tag="651"><subfield code="a">Illinois</subfield><subfield code="z">East Moline.</subfield><subfield code="2">fast</subfield><subfield code="0">(OCoLC)fst01226526</subfield></datafield><datafield ind1=" " ind2="7" tag="651"><subfield code="a">Illinois</subfield><subfield code="z">Mercer County.</subfield><subfield code="2">fast</subfield><subfield code="0">(OCoLC)fst01215002</subfield></datafield><datafield ind1=" " ind2="7" tag="651"><subfield code="a">Illinois</subfield><subfield code="z">Moline.</subfield><subfield code="2">fast</subfield><subfield code="0">(OCoLC)fst01210118</subfield></datafield><datafield ind1=" " ind2="7" tag="651"><subfield code="a">Illinois</subfield><subfield code="z">Rock Island.</subfield><subfield code="2">fast</subfield><subfield code="0">(OCoLC)fst01206059</subfield></datafield><datafield ind1=" " ind2="7" tag="655"><subfield code="a">Newspapers.</subfield><subfield code="2">fast</subfield><subfield code="0">(OCoLC)fst01423814</subfield></datafield><datafield ind1=" " ind2=" " tag="752"><subfield code="a">United States</subfield><subfield code="b">Illinois</subfield><subfield code="c">Rock Island County</subfield><subfield code="d">Rock Island.</subfield></datafield><datafield ind1="1" ind2=" " tag="775"><subfield code="t">Rock Island Argus (Rock Island, Ill. : Weekly)</subfield><subfield code="w">(DLC)sn 92053925</subfield><subfield code="w">(OCoLC)26834349</subfield></datafield><datafield ind1="0" ind2="8" tag="776"><subfield code="i">Online version:</subfield><subfield code="t">Rock Island Argus (1893 : Online)</subfield><subfield code="x">2332-0699</subfield><subfield code="w">(DLC)  2013272075</subfield><subfield code="w">(OCoLC)862928997</subfield></datafield><datafield ind1="0" ind2="0" tag="780"><subfield code="t">Rock Island daily Argus (Rock Island, Ill. : 1886)</subfield><subfield code="x">2328-7586</subfield><subfield code="w">(DLC)sn 92053945</subfield><subfield code="w">(OCoLC)26846662</subfield></datafield><datafield ind1="1" ind2="7" tag="785"><subfield code="t">Rock Island daily union (Rock Island, Ill. : 1908)</subfield><subfield code="w">(DLC)sn 92053932</subfield><subfield code="w">(OCoLC)26835933</subfield></datafield><datafield ind1="1" ind2="7" tag="785"><subfield code="t">Rock Island Argus and daily union</subfield><subfield code="x">2377-7060</subfield><subfield code="w">(DLC)sn 92053933</subfield><subfield code="w">(OCoLC)26846808</subfield></datafield><datafield ind1="4" ind2="1" tag="856"><subfield code="u">http://chroniclingamerica.loc.gov/lccn/sn92053934/issues</subfield></datafield><datafield ind1="1" ind2=" " tag="029"><subfield code="a">AU@</subfield><subfield code="b">000020725034</subfield></datafield></record>